@misc{bash,
 title={GNU Bash manual},
 url={https://www.gnu.org/software/bash/manual/}
}

